<?xml version="1.0" encoding="UTF-8"?><collection xmlns="http://www.loc.gov/MARC21/slim"><record><leader>00578nam--2200181-u-4500</leader><controlfield tag="001">000056014</controlfield><controlfield tag="002">20161230</controlfield><controlfield tag="005">20161230201052</controlfield><controlfield tag="008">141202s1000------------r-----000-0-fre-d</controlfield><datafield ind1=" " ind2=" " tag="040"><subfield code="a">IFIN-HH</subfield></datafield><datafield ind1=" " ind2=" " tag="041"><subfield code="a">fre</subfield></datafield><datafield ind1=" " ind2=" " tag="080"><subfield code="a">52-726:629.19(043)</subfield></datafield><datafield ind1="1" ind2=" " tag="100"><subfield code="a">Pantel, Roland</subfield></datafield><datafield ind1="1" ind2="0" tag="245"><subfield code="a">Etude d'interactions gaz/surface et plasma/surface par microscopie electronique a miroir, spectroscopie auger et diffraction d'electrons lents</subfield><subfield code="b">These</subfield><subfield code="c">Roland pantel</subfield></datafield><datafield ind1=" " ind2=" " tag="260"><subfield code="a">Orleans</subfield><subfield code="b">Universite D'Orleans</subfield><subfield code="c">1977</subfield></datafield><datafield ind1=" " ind2=" " tag="300"><subfield code="a">141P</subfield></datafield><datafield ind1=" " ind2=" " tag="852"><subfield code="a">46324</subfield><subfield code="c">523</subfield></datafield><datafield ind1=" " ind2=" " tag="CAT"><subfield code="a">Sys</subfield><subfield code="c">20141202</subfield><subfield code="h">174645</subfield></datafield></record></collection>